@misc{LatexGuide,
  author = {Tobias Oetiker and Hubert Partl and Irene Hyna and Elisabeth Schlegl},
  year   = {2016},
  title  = {{The Not So Short Introduction To \LaTeXe{}}},
  url    = {https://tobi.oetiker.ch/lshort/lshort.pdf},
  note   = {{Checked} 2017-12-18.},
}


@misc{CTAN,
  author = {{The CTAN Team}},
  year   = {2017},
  title  = {{CTAN Comprehensive \TeX{} Archive Network}},
  url    = {https://ctan.org},
  note   = {{Checked} 2017-12-18.},
}

@inproceedings{cross-platform-appropriate-approach,
    author={C. P. {Rahul Raj} and  {Seshu Babu Tolety}},
    booktitle={2012 Annual IEEE India Conference (INDICON)}, 
    title={A study on approaches to build cross-platform mobile applications and criteria to select appropriate approach}, 
    year={2012},
    volume={},
    number={},
    pages={625-629},
    url= {https://ieeexplore.ieee.org/document/6420693},
}

@inproceedings{liquid-software,
    author={A. {Gallidabino} and C. {Pautasso} and V. {Ilvonen} and T. {Mikkonen} and K. {Systä} and J. {Voutilainen} and A. {Taivalsaari}},
    booktitle={2016 13th Working IEEE/IFIP Conference on Software Architecture (WICSA)},  title={On the Architecture of Liquid Software: Technology Alternatives and Design Space},
    year={2016},
    volume={},
    number={},
    pages={122-127},
    url={https://ieeexplore.ieee.org/document/7516819}
}

@inproceedings{diary-study,
    author = {Jokela, Tero and Ojala, Jarno and Olsson, Thomas},
    title = {A Diary Study on Combining Multiple Information Devices in Everyday Activities and Tasks},
    year = {2015},
    isbn = {9781450331456},
    publisher = {Association for Computing Machinery},
    address = {New York, NY, USA},
    url = {https://doi.org/10.1145/2702123.2702211},
    doi = {10.1145/2702123.2702211},
    booktitle = {Proceedings of the 33rd Annual ACM Conference on Human Factors in Computing Systems},
    pages = {3903–3912},
    numpages = {10},
    keywords = {multi-device, device ecologies, tablets, smartphones, information devices, mobile use, user study},
    location = {Seoul, Republic of Korea},
    series = {CHI ’15}
}


@misc{device-market-share,
    url={https://gs.statcounter.com/platform-market-share/desktop-mobile-tablet/worldwide/#monthly-200901-202004},
    title={StatCounter Global Stats - Desktop vs Mobile vs Tablet Market Share Worldwide - Jan 2009 - Apr 2020},
    year={2020},
}

@book{migratory-interactive,
    author={Paterno, Fabio},
    place={London},
    title={Migratory Interactive Applications for Ubiquitous Environments},
    publisher={Springer-Verlag London Limited},
    year={2011},
    url= {https://www.springer.com/gp/book/9780857292490},
}


@inproceedings{model-based,
    author="S{\'a}nchez, Mario
    and Jim{\'e}nez, Camilo
    and Villalobos, Jorge
    and Deridder, Dirk",
    editor="Oriol, Manuel
    and Meyer, Bertrand",
    title="Extensibility in Model-Based Business Process Engines",
    booktitle="Objects, Components, Models and Patterns",
    year="2009",
    publisher="Springer Berlin Heidelberg",
    address="Berlin, Heidelberg",
    pages="157--174",
    url    = {https://link.springer.com/chapter/10.1007/978-3-642-02571-6_10},
    isbn="978-3-642-02571-6"
}


@inproceedings{javascript-migration,
    author = {Bellucci, Federico and Ghiani, Giuseppe and Patern\`{o}, Fabio and Santoro, Carmen},
    title = {Engineering JavaScript State Persistence of Web Applications Migrating across Multiple Devices},
    year = {2011},
    isbn = {9781450306706},
    publisher = {Association for Computing Machinery},
    address = {New York, NY, USA},
    url = {https://doi.org/10.1145/1996461.1996502},
    doi = {10.1145/1996461.1996502},
    booktitle = {Proceedings of the 3rd ACM SIGCHI Symposium on Engineering Interactive Computing Systems},
    pages = {105–110},
    numpages = {6},
    keywords = {migratory user interfaces, multi-device environments, continuity, user interface adaptation},
    location = {Pisa, Italy},
    series = {EICS ’11}
}
  


